<?xml version="1.0" encoding="UTF-8"?><record xmlns="http://www.loc.gov/MARC21/slim" xmlns:cinclude="http://apache.org/cocoon/include/1.0" xmlns:zs="http://www.loc.gov/zing/srw/">
  <leader>00372cz  a2200121n  4500</leader>
  <controlfield tag="001">n  88211630 </controlfield>
  <controlfield tag="003">DLC</controlfield>
  <controlfield tag="005">19910916091736.4</controlfield>
  <controlfield tag="008">910912n| acannaab|          |n ana ||| b</controlfield>
  <datafield tag="010" ind1=" " ind2=" ">
    <subfield code="a">n  88211630 </subfield>
  </datafield>
  <datafield tag="040" ind1=" " ind2=" ">
    <subfield code="a">DNLM</subfield>
    <subfield code="c">DLC</subfield>
    <subfield code="d">DLC</subfield>
  </datafield>
  <datafield tag="110" ind1="2" ind2="0">
    <subfield code="a">Working Group on Nuclear Cardiology</subfield>
  </datafield>
  <datafield tag="670" ind1=" " ind2=" ">
    <subfield code="a">Cardiovascular nuclear medicine and MRI, 1992:</subfield>
    <subfield code="b">CIP t.p. (Working Group on Nuclear Cardiology)</subfield>
  </datafield>
</record>